<?xml version="1.0" encoding="UTF-8"?><collection xmlns="http://www.loc.gov/MARC21/slim"><record><leader>00336nam--2200133-i-4500</leader><controlfield tag="001">000039756</controlfield><controlfield tag="002">20161230</controlfield><controlfield tag="005">20161230201042</controlfield><controlfield tag="008">060222s1000------------r-----000-0-eng-d</controlfield><datafield ind1=" " ind2=" " tag="100"><subfield code="a">Rowland,John</subfield></datafield><datafield ind1=" " ind2=" " tag="245"><subfield code="a">Atoms,electrons and rays</subfield></datafield><datafield ind1=" " ind2=" " tag="260"><subfield code="a">London, Paul Elek 38 Hatton Garden, 1947. 94 P</subfield></datafield><datafield ind1=" " ind2=" " tag="490"><subfield code="a">Life And Leisure</subfield></datafield><datafield ind1=" " ind2=" " tag="852"><subfield code="a">1859</subfield></datafield></record></collection>